%Need to fix the name order.

@inproceedings{notes,
  author    = {Adnan Darwiche},
  title     = {Chapter 3: Satisfiability},
  booktitle = {Lecture Notes of CS 264A},
  pages     = {18--21}
}
